@misc{GROUND2023,
AUTHOR={Dario Pasquali and Giulia Belgiovine and Linda Lastrico and Giulia Pusceddu and Francesca Cocchella and Ana Tnaveska},   
TITLE={\textbf{GROUND 2023 Workshop} - advancing GROup UNderstanding and robots' aDaptive behavior},      
booktitle = {ACM/IEEE Int. Conf.  Robot and Human Interactive Communication (RO-MAN 2023)},
address = {Busan, South Corea},
month = {8},
year = {2023},
doi = {https://ground-hri.github.io/workshop/1stEditionROMAN2023}
}

@misc{GROUND2024,
AUTHOR={Dario Pasquali and Giulia Belgiovine and Linda Lastrico and Giulia Pusceddu and Francesca Cocchella and Ana Tnaveska},   
TITLE={\textbf{GROUND 2024 Workshop} - advancing GROup UNderstanding and robots' aDaptive behavior},      
booktitle = {Int. Conf.  Robots, Science and Systems (RSS 2024)},
address = {Delft, Netherlands},
month = {7},
year = {2024},
doi = {https://ground-hri.github.io/workshop/}
}

# ------------------------------------


@ARTICLE{PROMENAIDFrontiers,
AUTHOR={Bernotat Jasmin and Landolfi Lorenzo and \textbs{Pasquali Dario} and Nardelli Alice and Rea Francesco},   
TITLE={Remember me - User-Centered Implementation and Training of Robot Working Memory for HRI in Industrial Settings},      
JOURNAL={Frontiers in Robotics and AI}, month = {7},
VOLUME={},     
PAGES={},     
YEAR={2023},     
DOI={10.3389/frobt.2023.1257690},      
ISSN={},   
}

@article{Pasquali2021,
author = {\textbf{Pasquali Dario} and Gonzalez-Billandon Jonas and Aroyo Mois Alexander and Sandini Giulio and Sciutti Alessandra and Rea Francesco},
doi = {10.1007/S12369-021-00822-5},
issn = {1875-4805},
journal = {Int. J. Soc. Robot. 2021},
month = {11},
pages = {1--16},
publisher = {Springer},
title = {{Detecting Lies is a Child (Robot)'s Play: Gaze-Based Lie Detection in HRI}},
year = {2021}
}

@article{Aroyo2021,
author = {Aroyo M. Alexander and \textbf{Pasquali Dario} and Kothig Austin and Rea Francesco and Sandini Giulio and Sciutti Alessandra},
doi = {10.1109/LRA.2021.3083465},
issn = {23773766},
journal = {IEEE Robot. Autom. Lett.},
keywords = {Social HRI,acceptability and trust,human-robot collaboration,transparency,unreliability},
month = {7},
number = {3},
pages = {5681--5688},
publisher = {Institute of Electrical and Electronics Engineers Inc.},
title = {{Expectations Vs. Reality: Unreliability and Transparency in a Treasure Hunt Game with iCub}},
volume = {6},
year = {2021}
}

@ARTICLE{10.3389/frobt.2019.00064,
AUTHOR={Gonzalez-Billandon Jonas and Aroyo Alexander M. and Tonelli Alessia and \textbf{Pasquali Dario} and Sciutti Alessandra and Gori Monica and Sandini Giulio and Rea Francesco},   
TITLE={Can a Robot Catch You Lying? A Machine Learning System to Detect Lies During Interactions},      
JOURNAL={Frontiers in Robotics and AI}, month = {7},
VOLUME={6},     
PAGES={64},     
YEAR={2019},     
DOI={10.3389/frobt.2019.00064},      
ISSN={2296-9144},   
}



# ------------------------------------

@inproceedings{PasqualiHAI2023,
author = {\textbf{Pasquali Dario} and Kothig Austin and Aoryo Alexander M. and Mu√±oz John and Dautenhahn Kerstin and Rea Francesco and Bencetti Stefano and Sciutti Alessandra},
doi = {},
booktitle = {ACM Int. Conf. Human-Agent Interaction (HAI 2023)},
keywords = {},
month = {12},
pages = {},
publisher = {},
title = {{That's not a Good Idea: A Robot Changes Your Behavior Against Social Engineering}},
year = {2023}
}

@inproceedings{PasqualiROMAN2023,
author = {\textbf{Pasquali Dario} and Landolfi Lorenzo and Nardelli Alice and Bernotat Jasmin and Rea Francesco},
doi = {},
booktitle = {ACM/IEEE Int. Conf.  Robot and Human Interactive Communication (RO-MAN 2023)},
keywords = {},
month = {8},
pages = {},
publisher = {},
title = {{Working Memory-Based Architecture for Human-Aware Navigation in Industrial Settings}},
year = {2023}
}

@inproceedings{PasqualiCREAI2022,
author = {\textbf{Pasquali Dario} and Rea Francesco and  Sciutti Alessandra},
doi = {},
keywords = {},
month = {11},
pages = {},
publisher = {CEUR-WS},
title = {{Detecting Lies in the Wild: Creativity and Learning @ the Maker Faire Rome}},
year = {2022},
booktitle = {AI*IA 2022 - 1st Workshop on Artificial Intelligence and Creativity (CREAI2022)},
}

@inproceedings{PasqualiICSR2021,
author = {\textbf{Pasquali Dario} and Gaggero Davide and Volpe Gualtiero and Rea Francesco and Sciutti Alessandra},
doi = {10.1007/978-3-030-90525-5_14},
booktitle = {ACM/IEEE Int. Conf. on Social Robotics (ICSR)},
keywords = {},
month = {11},
pages = {},
publisher = {Springer, Cham},
title = {{Human vs Robot Lie Detector: Better Working as a Team?}},
year = {2021}
}

@inproceedings{PasqualiHRI2021,
author = {\textbf{Pasquali Dario} and Gonzalez-Billandon Jonas and Rea Francesco and Sandini Giulio and Sciutti Alessandra},
booktitle = {ACM/IEEE Int. Conf. Human-Robot Interact.},
doi = {10.1145/3434073.3444682},
isbn = {9781450382892},
issn = {21672148},
keywords = {},
month = {3},
pages = {293--302},
publisher = {IEEE Computer Society},
title = {{Magic iCub: A humanoid robot autonomously catching your lies in a card game}},
year = {2021}
}

@inproceedings{Pasquali,
author = {\textbf{Pasquali Dario} and M. Aroyo Alexander and Gonzalez-Billandon Jonas and Rea Francesco and Sandini Giulio and Sciutti Alessandra},
title = {{Do You See the Magic? An Autonomous Robot Magician Can Read Your Mind}},
booktitle = {ACM/IEEE Int. Conf. Human-Robot Interact. Workshop on Creative Content on Social Robotics},
month = {3},
year = {2020}
}

@inproceedings{Aroyo2020,
author = {Aroyo M. Alexander and \textbf{Pasquali Dario} and Kothig Austin and Rea Francesco and Sandini Giulio and Sciutti Alessandra},
booktitle = {RO-MAN 2020 - Trust. Accept. Soc. Cues Human-Robot Interact. - SCRITA},
title = {{Perceived differences between on-line and real robotic failures}},
year = {2020}
}

@inproceedings{Pasquali2020,
author = {\textbf{Pasquali Dario} and Aroyo Mois Alexander and Gonzalez-Billandon Jonas and Rea Francesco and Sandini Giulio and Sciutti Alessandra},
doi = {10.1145/3371382.3378253},
isbn = {9781450370578},
issn = {21672148},
journal = {ACM/IEEE Int. Conf. Human-Robot Interact. - Late Breaking Reports - LBR},
keywords = {Human-robot interaction,Humanoid robot,Lie detection,Machine learning,Pupillometry},
month = {3},
pages = {392--394},
publisher = {IEEE Computer Society},
title = {{Your eyes never lie: A robot magician can tell if you are lying}},
year = {2020}
}
